<?xml version="1.0" encoding="UTF-8"?><record xmlns="http://www.loc.gov/MARC21/slim" xmlns:cinclude="http://apache.org/cocoon/include/1.0" xmlns:zs="http://www.loc.gov/zing/srw/">
  <leader>00596nz  a2200157n  4500</leader>
  <controlfield tag="001">n  81074833 </controlfield>
  <controlfield tag="003">DLC</controlfield>
  <controlfield tag="005">19840322000000.0</controlfield>
  <controlfield tag="008">810723n| acannaab|          |a aaa |||  </controlfield>
  <datafield tag="010" ind1=" " ind2=" ">
    <subfield code="a">n  81074833 </subfield>
  </datafield>
  <datafield tag="040" ind1=" " ind2=" ">
    <subfield code="a">DLC</subfield>
    <subfield code="c">DLC</subfield>
  </datafield>
  <datafield tag="100" ind1="1" ind2="0">
    <subfield code="a">Kibbe, Constance V.</subfield>
  </datafield>
  <datafield tag="400" ind1="1" ind2="0">
    <subfield code="a">Kibbee, Constance V.</subfield>
  </datafield>
  <datafield tag="510" ind1="2" ind2="0">
    <subfield code="a">Milady Publishing Corporation</subfield>
  </datafield>
  <datafield tag="670" ind1=" " ind2=" ">
    <subfield code="a">Her Standard textbook of cosmetology, 1981:</subfield>
    <subfield code="b">t.p. (Constance V. Kibbe)</subfield>
  </datafield>
  <datafield tag="670" ind1=" " ind2=" ">
    <subfield code="a">Letter from Milady Publishing Corporation, 10/30/56</subfield>
    <subfield code="b">(The Milady staff compiled the Standard textbook of cosmetology using the name Constance V. Kibbee as a nom de plume)</subfield>
  </datafield>
</record>